@article{lorenz2011viennarna,
  title={ViennaRNA Package 2.0},
  author={Lorenz, Ronny and Bernhart, Stephan H and Zu Siederdissen, Christian H{\"o}ner and Tafer, Hakim and Flamm, Christoph and Stadler, Peter F and Hofacker, Ivo L},
  journal={Algorithms for molecular biology},
  volume={6},
  number={1},
  pages={26},
  year={2011},
  publisher={BioMed Central}
}

@article{zuker2003mfold,
  title={Mfold web server for nucleic acid folding and hybridization prediction},
  author={Zuker, Michael},
  journal={Nucleic acids research},
  volume={31},
  number={13},
  pages={3406--3415},
  year={2003},
  publisher={Oxford University Press}
}

@article{andronescu2007efficient,
  title={Efficient parameter estimation for RNA secondary structure prediction},
  author={Andronescu, Mirela and Condon, Anne and Hoos, Holger H and Mathews, David H and Murphy, Kevin P},
  journal={Bioinformatics},
  volume={23},
  number={13},
  pages={i19--i28},
  year={2007},
  publisher={Oxford University Press}
}

@article{wang2019dmfold,
  title={DMfold: A Novel Method to Predict RNA Secondary Structure With Pseudoknots Based on Deep Learning and Improved Base Pair Maximization Principle},
  author={Wang, Linyu and Liu, Yuanning and Zhong, Xiaodan and Liu, Haiming and Lu, Chao and Li, Cong and Zhang, Hao},
  journal={Frontiers in genetics},
  volume={10},
  pages={143},
  year={2019},
  publisher={Frontiers}
}
