@article{rouskin2014genome,
  title={Genome-wide probing of RNA structure reveals active unfolding of mRNA structures in vivo},
  author={Rouskin, Silvi and Zubradt, Meghan and Washietl, Stefan and Kellis, Manolis and Weissman, Jonathan S},
  journal={Nature},
  volume={505},
  number={7485},
  pages={701},
  year={2014},
  publisher={Nature Publishing Group}
}

@article{spitale2015structural,
  title={Structural imprints in vivo decode RNA regulatory mechanisms},
  author={Spitale, Robert C and Flynn, Ryan A and Zhang, Qiangfeng Cliff and Crisalli, Pete and Lee, Byron and Jung, Jong-Wha and Kuchelmeister, Hannes Y and Batista, Pedro J and Torre, Eduardo A and Kool, Eric T and others},
  journal={Nature},
  volume={519},
  number={7544},
  pages={486},
  year={2015},
  publisher={Nature Publishing Group}
}

@article{talkish2014mod,
  title={Mod-seq: high-throughput sequencing for chemical probing of RNA structure},
  author={Talkish, Jason and May, Gemma and Lin, Yizhu and Woolford, John L and McManus, C Joel},
  journal={Rna},
  volume={20},
  number={5},
  pages={713--720},
  year={2014},
  publisher={Cold Spring Harbor Lab}
}

@article{sun2019rna,
  title={RNA structure maps across mammalian cellular compartments},
  author={Sun, Lei and Fazal, Furqan M and Li, Pan and Broughton, James P and Lee, Byron and Tang, Lei and Huang, Wenze and Kool, Eric T and Chang, Howard Y and Zhang, Qiangfeng Cliff},
  journal={Nature structural \& molecular biology},
  volume={26},
  number={4},
  pages={322},
  year={2019},
  publisher={Nature Publishing Group}
}

@inproceedings{huang2017densely,
  title={Densely connected convolutional networks},
  author={Huang, Gao and Liu, Zhuang and Van Der Maaten, Laurens and Weinberger, Kilian Q},
  booktitle={Proceedings of the IEEE conference on computer vision and pattern recognition},
  pages={4700--4708},
  year={2017}
}

@article{wan2011understanding,
  title={Understanding the transcriptome through RNA structure},
  author={Wan, Yue and Kertesz, Michael and Spitale, Robert C and Segal, Eran and Chang, Howard Y},
  journal={Nature Reviews Genetics},
  volume={12},
  number={9},
  pages={641},
  year={2011},
  publisher={Nature Publishing Group}
}

@article{ding2014vivo,
  title={In vivo genome-wide profiling of RNA secondary structure reveals novel regulatory features},
  author={Ding, Yiliang and Tang, Yin and Kwok, Chun Kit and Zhang, Yu and Bevilacqua, Philip C and Assmann, Sarah M},
  journal={Nature},
  volume={505},
  number={7485},
  pages={696},
  year={2014},
  publisher={Nature Publishing Group}
}


@article{wan2014landscape,
  title={Landscape and variation of RNA secondary structure across the human transcriptome},
  author={Wan, Yue and Qu, Kun and Zhang, Qiangfeng Cliff and Flynn, Ryan A and Manor, Ohad and Ouyang, Zhengqing and Zhang, Jiajing and Spitale, Robert C and Snyder, Michael P and Segal, Eran and others},
  journal={Nature},
  volume={505},
  number={7485},
  pages={706},
  year={2014},
  publisher={Nature Publishing Group}
}

@article{kertesz2010genome,
  title={Genome-wide measurement of RNA secondary structure in yeast},
  author={Kertesz, Michael and Wan, Yue and Mazor, Elad and Rinn, John L and Nutter, Robert C and Chang, Howard Y and Segal, Eran},
  journal={Nature},
  volume={467},
  number={7311},
  pages={103},
  year={2010},
  publisher={Nature Publishing Group}
}

@article{mortimer2014insights,
  title={Insights into RNA structure and function from genome-wide studies},
  author={Mortimer, Stefanie A and Kidwell, Mary Anne and Doudna, Jennifer A},
  journal={Nature reviews Genetics},
  volume={15},
  number={7},
  pages={469},
  year={2014},
  publisher={Nature Publishing Group}
}

@article{wan2012genome,
  title={Genome-wide measurement of RNA folding energies},
  author={Wan, Yue and Qu, Kun and Ouyang, Zhengqing and Kertesz, Michael and Li, Jun and Tibshirani, Robert and Makino, Debora L and Nutter, Robert C and Segal, Eran and Chang, Howard Y},
  journal={Molecular cell},
  volume={48},
  number={2},
  pages={169--181},
  year={2012},
  publisher={Elsevier}
}


@article{piao2017rna,
  title={RNA regulations and functions decoded by transcriptome-wide RNA structure probing},
  author={Piao, Meiling and Sun, Lei and Zhang, Qiangfeng Cliff},
  journal={Genomics, proteomics \& bioinformatics},
  volume={15},
  number={5},
  pages={267--278},
  year={2017},
  publisher={Elsevier}
}


@inproceedings{he2016deep,
  title={Deep residual learning for image recognition},
  author={He, Kaiming and Zhang, Xiangyu and Ren, Shaoqing and Sun, Jian},
  booktitle={Proceedings of the IEEE conference on computer vision and pattern recognition},
  pages={770--778},
  year={2016}
}


@inproceedings{huang2017densely,
  title={Densely connected convolutional networks},
  author={Huang, Gao and Liu, Zhuang and Van Der Maaten, Laurens and Weinberger, Kilian Q},
  booktitle={Proceedings of the IEEE conference on computer vision and pattern recognition},
  pages={4700--4708},
  year={2017}
}


@inproceedings{vaswani2017attention,
  title={Attention is all you need},
  author={Vaswani, Ashish and Shazeer, Noam and Parmar, Niki and Uszkoreit, Jakob and Jones, Llion and Gomez, Aidan N and Kaiser, {\L}ukasz and Polosukhin, Illia},
  booktitle={Advances in neural information processing systems},
  pages={5998--6008},
  year={2017}
}


@article{yu2015multi,
  title={Multi-scale context aggregation by dilated convolutions},
  author={Yu, Fisher and Koltun, Vladlen},
  journal={arXiv preprint arXiv:1511.07122},
  year={2015}
}


@article{jaganathan2019predicting,
  title={Predicting splicing from primary sequence with deep learning},
  author={Jaganathan, Kishore and Panagiotopoulou, Sofia Kyriazopoulou and McRae, Jeremy F and Darbandi, Siavash Fazel and Knowles, David and Li, Yang I and Kosmicki, Jack A and Arbelaez, Juan and Cui, Wenwu and Schwartz, Grace B and others},
  journal={Cell},
  volume={176},
  number={3},
  pages={535--548},
  year={2019},
  publisher={Elsevier}
}


@article{hochreiter1997long,
  title={Long short-term memory},
  author={Hochreiter, Sepp and Schmidhuber, J{\"u}rgen},
  journal={Neural computation},
  volume={9},
  number={8},
  pages={1735--1780},
  year={1997},
  publisher={MIT Press}
}


@article{kelley2016basset,
  title={Basset: learning the regulatory code of the accessible genome with deep convolutional neural networks},
  author={Kelley, David R and Snoek, Jasper and Rinn, John L},
  journal={Genome research},
  volume={26},
  number={7},
  pages={990--999},
  year={2016},
  publisher={Cold Spring Harbor Lab}
}

@article{oord2016wavenet,
  title={Wavenet: A generative model for raw audio},
  author={Oord, Aaron van den and Dieleman, Sander and Zen, Heiga and Simonyan, Karen and Vinyals, Oriol and Graves, Alex and Kalchbrenner, Nal and Senior, Andrew and Kavukcuoglu, Koray},
  journal={arXiv preprint arXiv:1609.03499},
  year={2016}
}

% TODO - add other review papers